@MISC{pic:bfh,
  url = {http://www.bfh.ch},
  urldate = {2013-09-27},
  author = {Uwe Siart},
  title = {Smith-Chart Aufbau},
  year = {2012},
  keywords = {pic},
}

@ONLINE{lit:smith,
  url = {http://www.uwe-siart.de/lehre/smishort.pdf},
  title = {Kurzanleitung zum Smith-Diagramm},
  publisher = {Uwe Siart},
  urldate = {2013-05-20},
  author = {Uwe Siart},
  year = {2012},
  keywords = {lit},
}

@BOOK{lit:sus,
  title = {Kontinuierliche Signale und Systeme: Signalübertragung},
  publisher = {Berner Fachhochschlule},
  year = {2009},
  author = {Kaufmann A. and Tripet M.},
  edition = {1.2},
  month = {09},
  keywords = {lit},
}


